@article{some_article,
  author =       {Jane Doe and John Doe},
  title =        {Some truly important reflections on DH},
  journal =      {Reflections on Digital Humanities for all Ages},
  pages =        {1 -- 100},
  year =         2020
}

@book{some_book,
  author =       {Rick Morty},
  title =        {On building a time portal},
  publisher =    {Cambridge University Press},
  address =      {Cambridge},
  year =         2012
}