@article{franklin2012cloud,
  title={Cloud control, or the network as medium},
  author={Franklin, Seb},
  journal={Cultural Politics},
  volume={8},
  number={3},
  pages={443--464},
  year={2012},
  publisher={Duke University Press}
}

@article{hayles2006traumas,
  title={Traumas of code},
  author={Hayles, N Katherine},
  journal={Critical Inquiry},
  volume={33},
  number={1},
  pages={136--157},
  year={2006},
  publisher={The University of Chicago Press}
}

@article{tuanuasescucommunity,
  title={COMMUNITY AS COMMONING,(DIS) PLACING, AND (TRANS) VERSING: FROM PARTICIPATORY AND ‘STRIKE ART’TO THE POSTDIGITAL},
  author={T{\u{A}}N{\u{A}}SESCU, CHRIS}
}

@article{tanasescu2016community,
  title={{Community as Commoning, (Dis)Placing, and (Trans)Versing. From Participatory and ‘Strike Art’ to the Postdigital}},
  author={Tanasescu (MARGENTO), Chris},
  year=2016,
  journal={Dacoromania litteraria},
  volume=3,
  pages={10-44},
}



@article{tanasescu_tanasescu2021text,
  title={Text, Code, Control, and ‘Monstrous’ Iconicity. Multilayer Networks in Digital Media Writing and the Graph Poem Project},
  author={Tanasescu, Chris and Tanasescu, Raluca},
  journal={Digital Studies / Le champ numérique},
  year={2021},
  pubstate={submitted},
  publisher={Open Library of Humanities}
}

@book{cayley2018grammalepsy,
  title={Grammalepsy: Essays on Digital Language Art},
  author={Cayley, John},
  year={2018},
  publisher={Bloomsbury Publishing USA}
}

@book{emerson2014reading,
  title={Reading writing interfaces: From the digital to the bookbound},
  author={Emerson, Lori},
  volume={44},
  year={2014},
  publisher={U of Minnesota Press}
}

@book{hayles2008we,
  title={How we became posthuman: Virtual bodies in cybernetics, literature, and informatics},
  author={Hayles, N Katherine},
  year={2008},
  publisher={University of Chicago Press}
}

@book{kennedy2015chaos,
  title={Chaos media: a sonic economy of digital space},
  author={Kennedy, Stephen},
  year={2015},
  publisher={Bloomsbury Publishing USA}
}

@book{margento2018us,
  title={“US” Poets Foreign Poets. A Computationally Assembled Anthology / Noi poeți ,,americani” poeți străini. Antologie asamblată computațional},
  author={MARGENTO},
  year={2018},
  publisher={Fractalia}
}

@book{novak2011live,
  title={Live poetry: An integrated approach to poetry in performance},
  author={Novak, Julia},
  volume={153},
  year={2011},
  publisher={Rodopi}
}

@book{stefans2017word,
  title={word toys: poetry and technics},
  author={Stefans, Brian Kim},
  year={2017},
  publisher={University of Alabama Press}
}

@book{van2013culture,
  title={The culture of connectivity: A critical history of social media},
  author={Van Dijck, Jos{\'e}},
  year={2013},
  publisher={Oxford University Press}
}

@book{widrich2014performative,
  title={Performative monuments: The rematerialisation of public art},
  author={Widrich, Mechtild},
  year={2014},
  publisher={Manchester University Press}
}

@incollection{schwarz2018umwelt,
  title={Umwelt and individuation: Digital signals and technical being},
  author={Schwarz, Jonas Andersson},
  booktitle={Digital Existence},
  pages={61--80},
  year={2018},
  publisher={Routledge}
}

@incollection{tanasescu2021poetryand,
  title={The Poetry and Poetics of Digital Humanities},
  author={Tanasescu, Chris},
  booktitle={Digital Humanities in Canada},
  year={2021},
  pubstate={forthcoming},
  publisher={University of Ottawa Press}
} 

@inproceedings{kesarwani2017metaphor,
  title={Metaphor detection in a poetry corpus},
  author={Kesarwani, Vaibhav and Inkpen, Diana and Szpakowicz, Stan and Tanasescu, Chris},
  booktitle={Proceedings of the Joint SIGHUM Workshop on Computational Linguistics for Cultural Heritage, Social Sciences, Humanities and Literature},
  pages={1--9},
  year={2017}
}

@inproceedings{tanasescu2018metaphor,
  title={Metaphor detection by deep learning and the place of poetic metaphor in digital humanities},
  author={Tanasescu, Chris and Kesarwani, Vaibhav and Inkpen, Diana},
  booktitle={The Thirty-First International Flairs Conference},
  year={2018}
}

@misc{baker2019curious,
  title={4 Contemporary Poets On Curiosity, Generosity, and Vulnerability},
  author={Baker, David and Quesada, Ruben},
  journal={Chicago Review of Books},
  year={2019},
  url={https://bit.ly/35rkt7j},
  urldate={2019-12-16}
}

@misc{cayley2019ifiam,
  title={If I am a person, I make things with language. If I am a poet, I make art with language...},
  author={Cayley, John},
  journal={Asymptote},
  year={2019},
  url={http://bit.ly/2NEEfGy},
  urldate={2019-12-12}
}

@misc{drucker2019computation,
  title={Computation as Composition as Computation as [. . .]},
  author={Drucker, Johanna},
  journal={Asymptote},
  year={2019},
  url={http://bit.ly/2NEEfGy},
  urldate={2019-12-12}
}

@misc{funkhouser2019margento,
  title={My observations on *“US” Poets Foreign Poets*},
  author={Funkhouser, C.T.},
  journal={Asymptote},
  year={2019},
  url={https://bit.ly/2suToBI},
  urldate={2019-12-12}
}

@misc{jhave2016big,
  title={Big Data Poetry},
  author={Johnston, David Jhave},
  journal={GitHub},
  year={2016},
  url={http://bit.ly/33bRymp},
  urldate={2019-12-12}
}

@misc{lagerkvist2016embodiments,
  title={Embodiments of Memory: Toward an Existential Approach to the Culture of Connectivity},
  author={Lagerkvist, Amanda},
  journal={Memory Unbound: Tracing the Dynamics of Memory Studies},
  year={2016},
  publisher={New York: Berghahn Books}
}

@misc{@margento2019us,
  title={*“US” Poets Foreign Poets:* A Computationally Assembled Anthology},
  author={MARGENTO},
  journal={Asymptote},
  year={2019},
  url={https://bit.ly/2suToBI},
  urldate={2019-12-12}
}

@book{kirschenbaum2016track,
  title={Track changes: A literary history of word processing},
  author={Kirschenbaum, Matthew G},
  year={2016},
  publisher={Harvard University Press}
}
